% this is what gave me a clue what probabilistic polynomial time machines were
@misc{quantum,
  author = "A. Yu Kitaev, A. Shen, M. N. Vyalyi",
  title = "Quantum NP",
  howpublished = "http://www.cs.technion.ac.il/~qip-lab/seminar/QNP\_I.pdf",
  year = "2002"
}

% example of what approximation algorithms find, IP help with this
@misc{vc,
  author = "Wikipedia",
  title = "Vertex Cover",
  publisher = "Wikipedia",
  howpublished = "https://en.wikipedia.org/wiki/Vertex\_cover"
}

% wiki on zero knowledge
@misc{zkp,
  author = "Wikipedia",
  title = "Zero-knowledge proof",
  publisher = "Wikipedia",
  howpublished = "https://en.wikipedia.org/wiki/Zero-knowledge\_proof"
}

% great paper on IP, where I got the interrogation idea from
@misc{ips,
  author = "Lance Jeremy Fortnow",
  title = "Complexity-Theoretic Aspects of Interactive Proof Systems",
  howpublished = "http://people.cs.uchicago.edu/~fortnow/papers/thesis.pdf",
  year = "1989"
}

% used in powerpoint to establish definition of NP class
@misc{np,
  author = "Wikipedia",
  title = "NP (complexity)",
  publisher = "Wikipedia",
  howpublished = "https://en.wikipedia.org/wiki/NP\_(complexity)"
}

% class textbook, great resource, way better than Rosen book
@book{sipser,
  author="Michael Sipser",
  title="Introduction to the Theory of Computation",
  publisher="Thomson Course Technology",
  year = "2006"
}

% more zero knowledge proof stuff I pulled from
@misc{zk,
  author = "Boaz Barak",
  title = "Lecture 15 - Zero Knowledge Proofs",
  howpublished = "http://www.cs.princeton.edu/courses/archive/fall07/cos433/lec15.pdf",
  year = "2011"
}
  
% contains proof that NEXP is a subset of MIP
@misc{mip,
  author = "Travis Hance",
  title = "Interactive proof systems with multiple provers sharing entanglement",
  howpublished = "http://www.scottaaronson.com/showcase2/report/travis-hance.pdf",
  year = "2012"
} 
